@article{dergipark1,
  author={Yalçinkaya, E. and Hiziroğlu, O. A.},
  title={A Comparative Analysis of Machine Learning Models for Time Prediction in Food Delivery Operations},
  journal={Advances in Artificial Intelligence and Applications},
  volume={2},
  number={1},
  pages={34--45},
  year={2024},
  url={https://dergipark.org.tr/en/pub/aita/issue/84471/1459560},
  note={Accessed: 2024-01-26}
}

@article{dergipark2,
  author={Şahin, H. and Içen, D.},
  title={Application of Random Forest Algorithm for the Prediction of Online Food Delivery Service Delay},
  journal={Turkish Journal of Forecasting},
  volume={5},
  number={1},
  pages={1--11},
  year={2021},
  doi={10.34110/forecasting.842180},
  url={https://doi.org/10.34110/forecasting.842180}
}

@misc{kaggle,
  author={Gaurav Malik},
  title={Food Delivery Dataset},
  year={2022},
  note={Available at: \url{https://www.kaggle.com/datasets/gauravmalik26/food-delivery-dataset/data}, accessed: 2024-01-20}
}

@article{scikit-learn,
  author={Pedregosa, F. and Varoquaux, G. and Gramfort, A. and Michel, V. and Thirion, B. and Grisel, O. and Blondel, M. and Prettenhofer, P. and Weiss, R. and Dubourg, V. and Vanderplas, J. and Passos, A. and Cournapeau, D. and Brucher, M. and Perrot, M. and Duchesnay, E.},
  title={Scikit-learn: Machine Learning in Python},
  journal={Journal of Machine Learning Research},
  volume={12},
  pages={2825--2830},
  year={2011},
  url={https://scikit-learn.org}
}

@inproceedings{lightgbm,
  author={Ke, G. and Meng, Q. and Finley, T. and Wang, T. and Chen, W. and Ma, W. and Ye, Q. and Liu, T.-Y.},
  title={LightGBM: A Highly Efficient Gradient Boosting Decision Tree},
  booktitle={Advances in Neural Information Processing Systems (NeurIPS)},
  volume={30},
  pages={3146--3154},
  year={2017},
  url={https://lightgbm.readthedocs.io}
}

@inproceedings{xgboost,
  author={Chen, T. and Guestrin, C.},
  title={XGBoost: A Scalable Tree Boosting System},
  booktitle={Proceedings of the 22nd ACM SIGKDD International Conference on Knowledge Discovery and Data Mining},
  pages={785--794},
  year={2016},
  url={https://xgboost.readthedocs.io}
}

@book{james2021introduction,
  title={An Introduction to Statistical Learning: with Applications in R},
  author={James, Gareth and Witten, Daniela and Hastie, Trevor and Tibshirani, Robert},
  year={2021},
  publisher={Springer}
}

@book{hastie2009elements,
  title={The Elements of Statistical Learning: Data Mining, Inference, and Prediction},
  author={Hastie, Trevor and Tibshirani, Robert and Friedman, Jerome},
  year={2009},
  publisher={Springer Science \& Business Media}
}

